@article{Duff2015,
author = {Duff, Andrew Ian and Davey, Theresa and Korbmacher, Dominique and Glensk, Albert and Grabowski, Blazej and Neugebauer, J\"org and Finnis, Michael W.},
title = {Improved method of calculating ab initio high-temperature thermodynamic properties with application to ZrC},
journal = {Phys. Rev. B},
volume = {91},
issue = {21},
pages = {214311},
year = {2015},
doi = {10.1103/PhysRevB.91.214311}
}

@article{Gubaev2018,
author = {Gubaev, Konstantin and Podryabinkin, Evgeny V. and Shapeev, Alexander V.},
title = {Machine learning of molecular properties: Locality and active learning},
journal = {Journal of Chemical Physics},
volume = {148},
issue = {24},
pages = {241727},
year = {2018},
doi = {10.1063/1.5005095}
}

@article{Gong2018,
author = {Gong, Yilun and Grabowski, Blazej and Glensk, Albert and K{\"{o}}rmann, Fritz and Neugebauer, J{\"{o}}rg and Reed, Roger C},
title = {Temperature dependence of the Gibbs energy of vacancy formation of fcc Ni},
journal = {Phys. Rev. B},
volume = {97},
issue = {21},
pages = {214106},
year = {2018},
doi = {10.1103/PhysRevB.97.214106}
}

@article{Mendelev2008,
author = { M.I.   Mendelev  and  M.J.   Kramer  and  C.A.   Becker  and  M.   Asta },
title = {Analysis of semi-empirical interatomic potentials appropriate for simulation of crystalline and liquid Al and Cu},
journal = {Philosophical Magazine},
volume = {88},
issue = {12},
pages = {1723-1750},
year  = {2008},
publisher = {Taylor & Francis},
doi = {10.1080/14786430802206482}
}

@article{Mishin2004,
author = {Mishin, Y.},
title = {Atomistic modeling of the $\gamma$ and $\gamma$′-phases of the Ni-Al system},
journal = {Acta Materialia},
volume = {52},
issue = {6},
pages = {1451-1467},
year = {2004},
doi = {10.1016/j.actamat.2003.11.026}
}

@article{Ackland1997,
author = { G. J.   Ackland  and  D. J.   Bacon  and  A. F.   Calder  and  T.   Harry },
title = {Computer simulation of point defect properties in dilute Fe—Cu alloy using a many-body interatomic potential},
journal = {Philosophical Magazine A},
volume = {75},
issue = {3},
pages = {713-732},
year  = {1997},
publisher = {Taylor & Francis},
doi = {10.1080/01418619708207198}
}

@article{Mendelev2009a,
author = {Mendelev, M. I. and Asta, M. and Rahman, M. J. and Hoyt, J. J.},
title = {Development of interatomic potentials appropriate for simulation of solid-liquid interface properties in Al-Mg alloys},
journal = {Philosophical Magazine},
volume = {89},
issue = {34-36},
pages = {3269-3285},
year = {2009},
doi = {10.1080/14786430903260727}
}

@article{Zhou2004,
author = {Zhou, X. W. and Johnson, R. A. and Wadley, H. N.G.},
title = {Misfit-energy-increasing dislocations in vapor-deposited CoFe/NiFe multilayers},
journal = {Phys. Rev. B},
volume = {69},
issue = {14},
pages = {144113},
year = {2004},
doi = {10.1103/PhysRevB.69.144113}
}

@article{Nguyen2018,
author = {Nguyen, Hai and Case, David A and Rose, Alexander S},
title = {NGLview–interactive molecular graphics for Jupyter notebooks},
journal = {Bioinformatics},
volume = {34},
issue = {7},
pages = {1241-1242},
year = {2018},
doi = {10.1093/bioinformatics/btx789}
}

@article{Togo2015,
author = {Togo, Atsushi and Tanaka, Isao},
title = {First principles phonon calculations in materials science},
journal = {Scripta Materialia},
volume = {108},
pages = {1-5},
year = {2015},
doi = {10.1016/j.scriptamat.2015.07.021}
}

@article{Kresse1996,
author = {Kresse, G. and Furthm{\"{u}}ller, J.},
title = {Efficient iterative schemes for ab initio total-energy calculations using a plane-wave basis set},
journal = {Phys. Rev. B},
volume = {54},
issue = {},
pages = {11169-11186},
year = {1996},
doi = {10.1103/PhysRevB.54.11169}
}

@article{Kresse1996a,
author = {Kresse, G. and Furthm{\"{u}}ller, J.},
title = {Efficiency of ab-initio total energy calculations for metals and semiconductors using a plane-wave basis set},
journal = {Computational Materials Science},
volume = {6},
issue = {1},
pages = {15-50},
year = {1996},
doi = {10.1016/0927-0256(96)00008-0}
}

@article{Kresse1993,
author = {Kresse, G. and Hafner, J.},
title = {Ab initio molecular dynamics for liquid metals},
journal = {Phys. Rev. B},
volume = {47},
issue = {1},
pages = {558-561},
year = {1993},
doi = {10.1103/PhysRevB.47.558}
}

@article{Plimpton1995,
author = {Plimpton, Steve},
title = {Fast parallel algorithms for short-range molecular dynamics},
journal = {Journal of Computational Physics},
volume = {117},
issue = {1},
pages = {1-19},
year = {1995},
doi = {10.1006/jcph.1995.1039}
}

@article{Wen2012,
author = {Wen, Haohua and Woo, C. H.},
title = {Temperature dependence and anisotropy of self- and mono-vacancy diffusion in $\alpha$-Zr},
journal = {Journal of Nuclear Materials},
volume = {420},
issue = {1},
pages = {362-369},
year = {2012},
doi = {10.1016/j.jnucmat.2011.10.012}
}

@article{Myung2003,
author = {Myung, In Jae},
title = {Tutorial on maximum likelihood estimation},
journal = {Journal of Mathematical Psychology},
volume = {47},
issue = {1},
pages = {90-100},
year = {2003},
doi = {10.1016/S0022-2496(02)00028-7}
}

@techreport{JONSSON1998,
author = {J{\'{o}}nsson, Hannes and Mills, Greg and Jacobsen, Karsten W.},
publisher = {World Scientific Pub Co Pte Lt},
title = {{Nudged elastic band method for finding minimum energy paths of transitions}},
year = {1998}
}

@article{Henkelman2000b,
author = {Henkelman, Graeme and Uberuaga, Blas P. and J{\'{o}}nsson, Hannes},
title = {Climbing image nudged elastic band method for finding saddle points and minimum energy paths},
journal = {Journal of Chemical Physics},
volume = {113},
issue = {22},
pages = {9901-9904},
year = {2000},
doi = {10.1063/1.1329672}
}

@article{Glensk2013,
author = {Glensk, A and Grabowski, B and Hickel, T and Neugebauer, J},
title = {Breakdown of the Arrhenius Law in Describing Vacancy Formation Energies: The Importance of Local Anharmonicity Revealed by Ab initio Thermodynamics},
journal = {Phys. Rev. X},
volume = {4},
issue = {1},
pages = {011018},
year = {2013},
doi = {10.1103/PhysRevX.4.011018}
}

@book{Maradudin1963,
author = {Maradudin, Alexei A.},
publisher = {Academic Press},
title = {{Theory of lattice dynamics in the harmonic approximation}},
year = {1963}
}

@article{E2005,
author = {E, Weinan and Ren, Weiqing and Vanden-Eijnden, Eric},
title = {Finite temperature string method for the study of rare events},
journal = {Journal of Physical Chemistry B},
volume = {109},
issue = {14},
pages = {6688-6693},
year = {2005},
doi = {10.1021/jp0455430}
}

@techreport{Mantina2008a,
author = {Mantina, Manjeera},
title = {{A first-principles methodology for diffusion coefficients in metals and dilute alloys}},
year = {2008}
}

@article{VonSmoluchowski1906,
author = {von Smoluchowski, M.},
title = {Zur kinetischen Theorie der Brownschen Molekularbewegung und der Suspensionen},
journal = {Annalen der Physik},
volume = {326},
issue = {14},
pages = {756-780},
year = {1906},
doi = {10.1002/andp.19063261405}
}

@article{Leclaire,
author = {A. D. Leclaire and A. B. Lidiard },
title = {LIII. Correlation effects in diffusion in crystals},
journal = {The Philosophical Magazine: A Journal of Theoretical Experimental and Applied Physics},
volume = {1},
issue = {6},
pages = {518-527},
year  = {1956},
doi = {10.1080/14786435608238133}
}

@article{DeKoning,
author = {de Koning, Maurice and Ramos de Debiaggi, Susana and Monti, Ana M.},
title = {Atomistic calculation of vacancy-formation free energies by reversible vacancy creation},
journal = {Phys. Rev. B},
volume = {70},
issue = {5},
pages = {054105},
year = {2004},
doi = {10.1103/PhysRevB.70.054105}
}

@article{Herring1951,
author = {Herring, Conyers},
title = {Some theorems on the free energies of crystal surfaces},
journal = {Phys. Rev.},
volume = {82},
issue = {1},
pages = {87-93},
year = {1951},
doi = {10.1103/PhysRev.82.87}
}

@book{Lanczos,
author = {Lanczos, Cornelius},
publisher = {University of Toronto Press},
title = {{The variational principles of mechanics}},
year = {1949}
}

@book{Schlick2010,
author = {Schlick, Tamar.},
publisher = {Springer Science+Business Media, LLC},
title = {{Molecular modeling and simulation : an interdisciplinary guide}},
year = {2010}
}

@article{Swope1982,
author = {Swope,William C.  and Andersen,Hans C.  and Berens,Peter H.  and Wilson,Kent R. },
title = {A computer simulation method for the calculation of equilibrium constants for the formation of physical clusters of molecules: Application to small water clusters},
journal = {The Journal of Chemical Physics},
volume = {76},
issue = {1},
pages = {637-649},
year = {1982},
doi = {10.1063/1.442716}
}

@article{Vanden-Eijnden2009a,
author = {Vanden-Eijnden,Eric  and Venturoli,Maddalena },
title = {Markovian milestoning with Voronoi tessellations},
journal = {The Journal of Chemical Physics},
volume = {130},
issue = {19},
pages = {194101},
year = {2009},
doi = {10.1063/1.3129843}
}

@article{Janssen2019,
author = {Janssen, Jan and Surendralal, Sudarsan and Lysogorskiy, Yury and Todorova, Mira and Hickel, Tilmann and Drautz, Ralf and Neugebauer, J{\"{o}}rg},
title = {pyiron: An integrated development environment for computational materials science},
journal = {Computational Materials Science},
volume = {163},
pages = {24 - 36},
year = {2019},
doi = {10.1016/j.commatsci.2018.07.043}
}

@article{Swinburne2017,
author = {Swinburne, Thomas D and Kermode, James R},
title = {Computing energy barriers for rare events from hybrid quantum/classical simulations through the virtual work principle},
journal = {Phys. Rev. B},
volume = {96},
issue = {14},
pages = {144102},
year = {2017},
doi = {10.1103/PhysRevB.96.144102}
}

@article{Hastie1989,
author = { Trevor   Hastie  and  Werner   Stuetzle },
title = {Principal Curves},
journal = {Journal of the American Statistical Association},
volume = {84},
issue = {406},
pages = {502-516},
year  = {1989},
publisher = {Taylor & Francis},
doi = {10.1080/01621459.1989.10478797}
}

@article{Davidchack2009,
author = {Davidchack,Ruslan L.  and Handel,Richard  and Tretyakov,M. V. },
title = {Langevin thermostat for rigid body dynamics},
journal = {The Journal of Chemical Physics},
volume = {130},
issue = {23},
pages = {234101},
year = {2009},
doi = {10.1063/1.3149788}
}

@article{Evans1985,
author = {Evans,D. J.  and Holian,B. L. },
title = {The Nose Hoover thermostat},
journal = {The Journal of Chemical Physics},
volume = {83},
issue = {8},
pages = {4069-4074},
year = {1985},
doi = {10.1063/1.449071}
}

@article{Mehrer1978,
author = {Mehrer, H.},
title = {{Atomic jump processes in self-diffusion}},
journal = {Journal of Nuclear Materials},
volume = {69-70},
pages = {38-60},
year = {1978},
doi = {10.1016/0022-3115(78)90235-0}
}

@article{Montet1973,
author = {Montet, G. L.},
title = {Integral methods in the calculation of correlation factors in diffusion},
journal = {Phys. Rev. B},
volume = {7},
issue = {2},
pages = {650-662},
year = {1973},
doi = {10.1103/PhysRevB.7.650}
}

@book{Kaur1995,
author = {Inderjeet, Kaur. and Mishin, Yuri. and Gust, Wolfgang},
publisher = {John Wiley and Sons Ltd},
title = {{Fundamentals of grain and interphase boundary diffusion}},
year = {1995}
}

@book{Wilson1980,
author = {Wilson, E. Bright and Decius, J. C. and Cross, Paul C.},
publisher = {Dover Publications},
title = {{Molecular vibrations : the theory of infrared and Raman vibrational spectra}},
year = {1980}
}

@article{Bender2000,
author = {Bender, M. and Rutz, K. and Reinhard, P.-G. and Maruhn, J.A.},
title = {Consequences of the center–of–mass correction in nuclear mean–field models},
journal = {The European Physical Journal A - Hadrons and Nuclei},
volume = {7},
issue = {4},
pages = {467-478},
year = {2000},
doi = {10.1007/s100500050419}
}

@article{Vanden-Eijnden2009,
author = {Vanden-Eijnden,Eric  and Venturoli,Maddalena },
title = {Revisiting the finite temperature string method for the calculation of reaction tubes and free energies},
journal = {The Journal of Chemical Physics},
volume = {130},
issue = {19},
pages = {194103},
year = {2009},
doi = {10.1063/1.3130083}
}

@book{Stolen2003,
author = {St{\o}len, Svein and Grande, Tor},
doi = {10.1002/0470092688},
publisher = {John Wiley and Sons Ltd},
title = {{Chemical Thermodynamics of Materials}},
year = {2003}
}

@book{Sciama1991,
author = {Sciama, Dennis W.},
title = {{The physical significance of the vacuum state of a quantum field}},
year = {1991}
}

@article{Togo2010,
author = {Togo, Atsushi and Chaput, Laurent and Tanaka, Isao and Hug, Gilles},
title = {{First-principles phonon calculations of thermal expansion in Ti 3SiC2, Ti3AlC2, and Ti 3GeC2}},
journal = {Phys. Rev. B},
volume = {81},
issue = {17},
pages = {174301},
year = {2010},
doi = {10.1103/PhysRevB.81.174301}
}

@article{Mantina2008,
author = {Mantina, M. and Wang, Y. and Arroyave, R. and Chen, L. Q. and Liu, Z. K. and Wolverton, C.},
title = {First-principles calculation of self-diffusion coefficients},
journal = {Physical Review Letters},
volume = {100},
issue = {21},
pages = {215901},
year = {2008},
doi = {10.1103/PhysRevLett.100.215901}
}

@book{Mishin2005,
author = {Mishin, Yuri},
doi = {10.1007/978-3-540-27470-4_3},
publisher = {Springer Berlin Heidelberg},
title = {{Atomistic Computer Simulation of Diffusion}},
year = {2005}
}

@article{Mendelev2007,
author = {Mendelev, Mikhail I. and Han, Seungwu and Son, Won Joon and Ackland, Graeme J. and Srolovitz, David J.},
title = {Simulation of the interaction between Fe impurities and point defects in V},
journal = {Phys. Rev. B},
volume = {76},
issue = {21},
pages = {214105},
year = {2007},
doi = {10.1103/PhysRevB.76.214105}
}

@article{Mendelev2009,
author = {Mendelev, Mikhail I. and Mishin, Yuri},
title = {Molecular dynamics study of self-diffusion in bcc Fe},
journal = {Phys. Rev. B},
volume = {80},
issue = {14},
pages = {144111},
year = {2009},
doi = {10.1103/PhysRevB.80.144111}
}

@book{Shewmon2016,
author = {Shewmon, Paul},
doi = {10.1007/978-3-319-48206-4},
isbn = {978-3-319-48564-5},
publisher = {Springer International Publishing},
title = {{Diffusion in Solids}},
year = {2016}
}

@book{Ehrhart1992,
author = {Ehrhart, P},
title = {{Properties and Interactions of Atomic Defects in Metals and Alloys}},
url = {https://books.google.de/books?id=owhfQwAACAAJ},
year = {1992}
}

@article{Einstein1905,
author = {Einstein, A.},
title = {Über die von der molekularkinetischen Theorie der Wärme geforderte Bewegung von in ruhenden Flüssigkeiten suspendierten Teilchen},
journal = {Annalen der Physik},
volume = {322},
issue = {8},
pages = {549-560},
year = {1905},
doi = {10.1002/andp.19053220806}
}

@book{Gottstein2004,
author = {Gottstein, G{\"{u}}nter},
doi = {10.1007/978-3-662-09291-0},
isbn = {978-3-642-07271-0},
publisher = {Springer Berlin Heidelberg},
title = {{Physical Foundations of Materials Science}},
year = {2004}
}

@article{Weinan2005,
author = {E, Weinan and Ren, Weiqing and Vanden-Eijnden, Eric},
title = {Finite Temperature String Method for the Study of Rare Events},
journal = {The Journal of Physical Chemistry B},
volume = {109},
issue = {14},
pages = {6688-6693},
year = {2005},
doi = {10.1021/jp0455430}
}

@article{Vineyard1957,
author = {Vineyard,George H.},
title = {Frequency factors and isotope effects in solid state rate processes},
volume = {3},
issue = {1},
pages = {121-127},
year = {1957},
doi = {10.1016/0022-3697(57)90059-8}
}

@article{Eyring1935,
author = {Eyring,Henry },
title = {The Activated Complex in Chemical Reactions},
journal = {The Journal of Chemical Physics},
volume = {3},
issue = {2},
pages = {107-115},
year = {1935},
doi = {10.1063/1.1749604}
}

@article{Henkelman2000a,
author = {Henkelman,Graeme  and Uberuaga,Blas P.  and Jónsson,Hannes },
title = {A climbing image nudged elastic band method for finding saddle points and minimum energy paths},
journal = {The Journal of Chemical Physics},
volume = {113},
issue = {22},
pages = {9901-9904},
year = {2000},
doi = {10.1063/1.1329672}
}

@article{Henkelman2000,
author = {Henkelman,Graeme  and Jónsson,Hannes },
title = {Improved tangent estimate in the nudged elastic band method for finding minimum energy paths and saddle points},
journal = {The Journal of Chemical Physics},
volume = {113},
issue = {22},
pages = {9978-9985},
year = {2000},
doi = {10.1063/1.1323224}
}

@book{Mehrer2007,
author = {Mehrer, Helmut},
doi = {10.1007/978-3-540-71488-0},
isbn = {978-3-540-71486-6},
journal = {Springer series in solid-state sciences},
pmid = {11088496},
title = {{Diffusion in solids: fundamentals, methods, materials, diffusion-controlled processes}},
year = {2007}
}

@article{Einstein1906,
author = {Einstein, A.},
title = {Zur Theorie der Brownschen Bewegung},
journal = {Annalen der Physik},
volume = {324},
issue = {2},
pages = {371-381},
year = {1906},
doi = {10.1002/andp.19063240208}
}
